@online{2,
    author    = "Julian Conzade, Florian Nägele, Swarna Ramanathan, and Patrick Schaufuss",
    title     = "Europe’s EV opportunity—and the charging infrastructure needed to meet it",
    url       = "https://www.mckinsey.com/industries/automotive-and-assembly/our-insights/europes-ev-opportunity-and-the-charging-infrastructure-needed-to-meet-it",
    keywords  = ""
}

@article{8,
  author =       "KHADIJA BOURAQIA (Student Member IEEE). ESSAID SABIR (Senior Member IEEE),MOHAMED SADIK . AND LATIF LADID",
  title =        "{Quality of Experience for Streaming Services: Measurements, Challenges, and Insights}",
  pages =        "",
  year =         "2020",
  keywords =     "QoE,QoS, 4G/5G/B5G, D2D, M2M, EDGE computing, content caching."
}

@article{y,
  author =       "Pradeep Uppu",
  title =        "{QoE of Video Streaming over LTE Network}",
  pages =        "72",
  year =         "2013",
  keywords =     "QoE, Video Streaming, H.264/AVC, LTE, One-way Delay,
Packet loss."
}

@book{z,
    author    = "T. N. Minhas",
    title     = "{Network Impact on Quality of Experience of Mobile Video,}",
    year      = "2012",
    publisher = "Ph.D. dissertation",
    address   = "Blekinge Institute of Technology",
    keywords  = ""
}


@book{3,
  author =       "T. Minhas. O. Gonzalez Lagunas. P. Arlos. and M. Fiedler",
  title =        "{Mobile video sensitivity to packet loss and packet delay variation in terms of QoE,}",
  pages =        "83-88",
  year =         "2012",
  keywords =     ""
}
@article{4,
  author =       "S. Hossen and N. Islam,",
  title =        "{QoS Performance Evaluation of Video Conferencing over LTE ,}",
  pages =        "Master’s thesis, Blekinge Institute of Technology",
  year =         "Sweden,2012",
  keywords =     ""
}
@article{6,
  author =       "Hoßfeld Tobias. Michael Seufert. Matthias Hirth. Thomas Zinner. Phuoc Tran-Gia. and Raimund Schatz.",
  title =        "{Quantification of YouTube QoE via crowdsourcing.}",
  pages =        "Master’s thesis, Blekinge Institute of Technology",
  year =         "IEEE International Symposium on Multimedia,2011",
  keywords =     "494-499"
}

@article{7,
  author =       "H.-J. Kim, D.-G. Yun, H.-S. Kim K.-S. Cho and S.-G. Choi",
  title =        "{QoE assessment model for video streaming service using QoS parameters in a wired-wireless network,}",
  pages =        "in Advanced Communication Technology (ICACT), 2012 14th International Conference",
  year =         "2012",
  keywords =     ""
}

@article{10,
  author =       "M. Ries. P. Froehlich. and R. Schatz",
  title =        "{QoE evaluation of high-definition IPTV services,}",
  pages =        "in Radioelektronika (RADIOELEKTRONIKA),21st International Conference",
  year =         "2011",
  keywords =     "pp.1–5"
}
@article{11,
  author =       "W. Lu. A. Varna. and M. Wu",
  title =        "{Secure video processing: Problems and challenges}",
  pages =        "in Acoustics, Speech and Signal Processing (ICASSP). 2011 IEEE International Conference",
  year =         "2011",
  keywords =     "pp. 5856–5859"
}
@article{x,
  author =       "",
  title =        "{}",
  pages =        "",
  year =         "",
  keywords =     ""
}
@article{12,
  author =       "F. Breu and J. Wollmann",
  title =        "{The H.264 Advanced Video Compression Standard}",
  pages =        "West Sussex UK: John Wiley and Sons Ltd",
  year =         "2008",
  keywords =     ""
}

@article{13,
  author =       "J. Ohm and G. Sullivan",
  title =        "{High efficiency video coding: the next frontier in video compression [Standards in a Nutshell]}",
  pages =        "pp. 152–158",
  year =         "2013",
  keywords =     "Signal Processing Magazine"
}

@article{14,
  author =       " A. Gupte. B. Amrutur. M. Mehendale. A. Rao. and M. Budagavi",
  title =        "{Memory Bandwidth and Power Reduction Using Lossy Reference
Frame Compression in Video Encoding}",
  pages =        " pp. 225–230",
  year =         "2011",
  keywords =     "Circuits and Systems for Video Technology, IEEE Transactions"
}


@online{9,
    author    = "(2013)",
    title     = "Perceptual Evaluation Video Quality.",
    url       = "http://www.pevq.org/perceptual-evaluation-video-quality.html",
    keywords  = "[Online]."
}

@article{15,
  author =       "C.-R. Lan. H.-H. Lu. C.-W. Yi. and C.-C. Tseng",
  title =        "{A P2P HD Live Video Streaming system}",
  pages =        "pp. 475–478",
  year =         "2011",
  keywords =     "in Multimedia Technology (ICMT), 2011 International Conference"
}

@article{16,
  author =       "C. Zheng and Z. Ming",
  title =        "{An efficient video similarity search strategy for
video-on-demand systems}",
  pages =        "pp. 174–178",
  year =         "2009",
  keywords =     "in Broadband Network Multimedia Technology IC-BNMT ’09. 2nd IEEE International Conference"
}
@article{17,
  author =       "A. Begen. T. Akgul. and M. Baugher",
  title =        "{Watching Video over the Web: Part 1: Streaming Protocols}",
  pages =        "pp. 54–63",
  year =         "2011",
  keywords =     "Internet Computing, IEEE"
}


@article{18,
  author =       "D. Wu. Y. Hou. W. Zhu. Y.-Q. Zhang. and J. Peha",
  title =        "{Streaming video
over the Internet: approaches and directions}",
  pages =        "pp. 282–300",
  year =         "2001",
  keywords =     "Circuits and Systems for
Video Technology, IEEE Transactions"
}
@article{19,
  author =       "I. G. Vasos Vassiliou. Pavlos Antoniou and A. Pitsillides",
  title =        "{Requirements for the Transmission of Streaming Video in Mobile Wireless Networks}",
  pages =        "",
  year =         "2006",
  keywords =     "University of Cyprus. Research Report"
}
@article{20,
  author =       "H. R. S. Zhou Wang and A. C. Bovik",
  title =        "{Objective Video Quality Assessment}",
  pages =        "",
  year =         "2003",
  keywords =     "The University of Texas. Research Report"
}


@online{21,
    author    = "2013",
    title     = "Terminals and subjective and objective assessment methods",
    url       = "http://www.itu.int/rec/T-REC-P",
    keywords  = "[Online]. Available"
}

@article{22,
  author =       "C.-R. Lan. H.-H. Lu. C.-W. Yi, and C.-C. Tseng",
  title =        "{A P2P HD Live Video Streaming system}",
  pages =        "pp. 475–478",
  year =         "2011",
  keywords =     "in Multimedia Technology (ICMT), 2011 International Conference"
}


@book{dirac,
  title={The Principles of Quantum Mechanics},
  author={Paul Adrien Maurice Dirac},
  isbn={9780198520115},
  series={International series of monographs on physics},
  year={1981},
  publisher={Clarendon Press},
  keywords = {physics}
}

@book{latexcompanion,
    author    = "Michel Goossens and Frank Mittelbach and Alexander Samarin",
    title     = "The \LaTeX\ Companion",
    year      = "1993",
    publisher = "Addison-Wesley",
    address   = "Reading, Massachusetts",
    keywords  = "latex"
}
 
@online{5,
    author    = "2013",
    title     = "Homepage. opnet.com.",
    url       = "http://www.endace.com",
    keywords  = ""
}


@inbook{knuth-fa,
   author = "Donald E. Knuth",
   title = "Fundamental Algorithms",
   publisher = "Addison-Wesley",
   year = "1973",
   chapter = "1.2",
   keywords  = "knuth,programming"
}

@book{knuth-acp,
   author = "Donald E. Knuth",
   publisher = "Addison-Wesley",
   title = "The Art of Computer Programming",
   series = "Four volumes",
   year = "1968",
   note = "Seven volumes planned",
   keywords  = "knuth,programming"
}

@article{ctan,
    author  = "George D. Greenwade",
    title   = "The {C}omprehensive {T}ex {A}rchive {N}etwork ({CTAN})",
    year    = "1993",
    journal = "TUGBoat",
    volume  = "14",
    number  = "3",
    pages   = "342--351",
    keywords  = "latex"
}